@misc{first_digital_photography,
    title = {THE FIRST DIGITAL PHOTOS, FROM VICTORIAN TECHNOLOGY TO THE INTERNET},
    year = {2020},
    note={\url{https://www.scienceandmediamuseum.org.uk/objects-and-stories/first-digital-photos#the-first-photo-on-the-world-wide-web}}
}

@misc{digital_editing_histroy,
  title = {THE TIME-TRAVELLING CAMERA: A SHORT HISTORY OF DIGITAL PHOTO MANIPULATION},
  year = {2021},
  note={\url{https://www.scienceandmediamuseum.org.uk/objects-and-stories/digital-photo-manipulation-history}},
}

@misc{mul_opora,
    author = {David Bařina, Pavel Zemčík},
    title = {Multimédia -- Studijní opora},
    year = {2021},
    note={\url{https://www.fit.vutbr.cz/~ibarina/pub/mul-opora-2017-03-28.pdf}}
}

@misc{wiki:Color,
   author = "Wikipedia",
   title = "{Color} --- {W}ikipedia{,} The Free Encyclopedia",
   year = "2022",
   howpublished = {\url{http://en.wikipedia.org/w/index.php?title=Color&oldid=1075955638}},
   note = "[Online; accessed 14-April-2022]"
 }
 
 @misc{wiki:Color_space,
   author = "Wikipedia",
   title = "{Color space} --- {W}ikipedia{,} The Free Encyclopedia",
   year = "2022",
   howpublished = {\url{http://en.wikipedia.org/w/index.php?title=Color\%20space&oldid=1072878223}},
   note = "[Online; accessed 14-April-2022]"
 }
 
 @misc{wiki:CIELAB_color_space,
   author = "Wikipedia",
   title = "{CIELAB color space} --- {W}ikipedia{,} The Free Encyclopedia",
   year = "2022",
   howpublished = {\url{http://en.wikipedia.org/w/index.php?title=CIELAB\%20color\%20space&oldid=1077444859}},
   note = "[Online; accessed 15-April-2022]"
 }
 
 @misc{wiki:HSL_and_HSV,
   author = "Wikipedia",
   title = "{HSL and HSV} --- {W}ikipedia{,} The Free Encyclopedia",
   year = "2022",
   howpublished = {\url{http://en.wikipedia.org/w/index.php?title=HSL\%20and\%20HSV&oldid=1078569886}},
   note = "[Online; accessed 15-April-2022]"
 }
 
 @misc{wiki:YCbCr,
   author = "Wikipedia",
   title = "{YCbCr} --- {W}ikipedia{,} The Free Encyclopedia",
   year = "2022",
   howpublished = {\url{http://en.wikipedia.org/w/index.php?title=YCbCr&oldid=1080736747}},
   note = "[Online; accessed 15-April-2022]"
 }
 
 @misc{wiki:RGB_color_model,
   author = "Wikipedia",
   title = "{RGB color model} --- {W}ikipedia{,} The Free Encyclopedia",
   year = "2022",
   howpublished = {\url{http://en.wikipedia.org/w/index.php?title=RGB\%20color\%20model&oldid=1078999022}},
   note = "[Online; accessed 15-April-2022]"
 }
 
 @misc{Whatdoes20:online,
    author = {Oleg Shipitko},
    title = {What does “stride” mean in image processing? | Medium},
    howpublished = {\url{https://medium.com/@oleg.shipitko/what-does-stride-mean-in-image-processing-bba158a72bcd}},
    year = {2018},
    note = {(Accessed on 15.04.2022)}
}

@misc{Introduc21:online,
    author = {Tom Funkhouser},
    title = {Image Processing},
    howpublished = {\url{https://www.cs.princeton.edu/courses/archive/spring14/cos426/lectures/02-filter.pdf}},
    month = {},
    year = {2014},
    note = {(Accessed on 15.04.2022)}
}